@article{IE_KC2018,
  title={Solar Power Forecasting with Machine Learning},
  author={Isaksson, E., & Karpe Conde, M.},
  journal={Techniques (Dissertation)},
  year={2018}
};

@article{KJW2019,
author				= "김정원",
title				= "기상 예보를 이용한 머신러닝 알고리즘 기반 태양광 발전량 예측 기법",
journal			= "한국정보기술학회논문지",
year				= "2019",
volume				= "17",
number				= "9",
pages				= "83--89"
};

@article{JBK_LSJ2018,
author				= "장봉규, 이성제",
title				= "머신러닝알고리즘을 이용한 신재생에너지 예측최적화 모델링 구현 및 검증에 관한 연구",
journal				= "대한전자공학회 학술대회",
year				= "2018",
pages				= "1477--1480"
};